@inproceedings{kaemarungsi2004modeling,
  title={Modeling of indoor positioning systems based on location fingerprinting},
  author={Kaemarungsi, Kamol and Krishnamurthy, Prashant},
  booktitle={INFOCOM 2004. Twenty-third AnnualJoint Conference of the IEEE Computer and Communications Societies},
  volume={2},
  pages={1012--1022},
  year={2004},
  organization={IEEE}
}
@inproceedings{li2006indoor,
  title={Indoor positioning techniques based on wireless LAN},
  author={Li, Binghao and Salter, James and Dempster, Andrew G and Rizos, Chris},
  booktitle={LAN, First IEEE International Conference on Wireless Broadband and Ultra Wideband Communications},
  year={2006},
  organization={Citeseer}
}
@inproceedings{ma2008cluster,
  title={Cluster filtered KNN: A WLAN-based indoor positioning scheme},
  author={Ma, Jun and Li, Xuansong and Tao, Xianping and Lu, Jian},
  booktitle={World of Wireless, Mobile and Multimedia Networks, 2008. WoWMoM 2008. 2008 International Symposium on a},
  pages={1--8},
  year={2008},
  organization={IEEE}
}

@inproceedings{ferris2006gaussian,
  title={Gaussian processes for signal strength-based location estimation},
  author={Ferris, Brian and Haehnel, Dirk and Fox, Dieter},
  booktitle={In proc. of robotics science and systems},
  year={2006},
  organization={Citeseer}
}
@inproceedings{bahl2000radar,
  title={RADAR: An in-building RF-based user location and tracking system},
  author={Bahl, Paramvir and Padmanabhan, Venkata N},
  booktitle={INFOCOM 2000. Nineteenth Annual Joint Conference of the IEEE Computer and Communications Societies. Proceedings. IEEE},
  volume={2},
  pages={775--784},
  year={2000},
  organization={Ieee}
}

@inproceedings{paul2008wi,
  title={Wi-Fi based indoor localization and tracking using sigma-point Kalman filtering methods},
  author={Paul, Anindya S and Wan, Eric A},
  booktitle={Position, Location and Navigation Symposium, 2008 IEEE/ION},
  pages={646--659},
  year={2008},
  organization={IEEE}
}
@article{feng2012received,
  title={Received-signal-strength-based indoor positioning using compressive sensing},
  author={Feng, Chen and Au, Wain Sy Anthea and Valaee, Shahrokh and Tan, Zhenhui},
  journal={Mobile Computing, IEEE Transactions on},
  volume={11},
  number={12},
  pages={1983--1993},
  year={2012},
  publisher={IEEE}
}

@article{kushki2007kernel,
  title={Kernel-based positioning in wireless local area networks},
  author={Kushki, Azadeh and Plataniotis, Konstantinos N and Venetsanopoulos, Anastasios N},
  journal={Mobile Computing, IEEE Transactions on},
  volume={6},
  number={6},
  pages={689--705},
  year={2007},
  publisher={IEEE}
}

@article{liu2005signal,
  title={Signal Processing Techniques in Network-Aided Positioning},
  author={Liu, KJ Ray},
  journal={IEEE Signal Processing Magazine},
  volume={1053},
  number={5888/05},
  year={2005},
  publisher={Citeseer}
}

@inproceedings{hatami2005comparative,
  title={A comparative performance evaluation of RSS-based positioning algorithms used in WLAN networks},
  author={Hatami, Ahmad and Pahlavan, Kaveh},
  booktitle={Wireless Communications and Networking Conference, 2005 IEEE},
  volume={4},
  pages={2331--2337},
  year={2005},
  organization={IEEE}
}

@inproceedings{seshadri2005bayesian,
  title={A bayesian sampling approach to in-door localization of wireless devices using received signal strength indication},
  author={Seshadri, Vinay and Zaruba, Gergely V and Huber, Manfred},
  booktitle={Pervasive Computing and Communications, 2005. PerCom 2005. Third IEEE International Conference on},
  pages={75--84},
  year={2005},
  organization={IEEE}
}
@inproceedings{letchner2005large,
  title={Large-scale localization from wireless signal strength},
  author={Letchner, Julie and Fox, Dieter and LaMarca, Anthony},
  booktitle={Proceedings of the national conference on artificial intelligence},
  volume={20},
  number={1},
  pages={15},
  year={2005},
  organization={Menlo Park, CA; Cambridge, MA; London; AAAI Press; MIT Press; 1999}
}
@inproceedings{priyantha2000cricket,
  title={The cricket location-support system},
  author={Priyantha, Nissanka B and Chakraborty, Anit and Balakrishnan, Hari},
  booktitle={Proceedings of the 6th annual international conference on Mobile computing and networking},
  pages={32--43},
  year={2000},
  organization={ACM}
}
@inproceedings{liu1997hierarchical,
  title={A hierarchical position-prediction algorithm for efficient management of resources in cellular networks},
  author={Liu, Tong and Bahl, Paramvir and Chlamtac, Imrich},
  booktitle={Global Telecommunications Conference, 1997. GLOBECOM'97., IEEE},
  volume={2},
  pages={982--986},
  year={1997},
  organization={IEEE}
}
@article{roos2002probabilistic,
  title={A probabilistic approach to WLAN user location estimation},
  author={Roos, Teemu and Myllym{\"a}ki, Petri and Tirri, Henry and Misikangas, Pauli and Siev{\"a}nen, Juha},
  journal={International Journal of Wireless Information Networks},
  volume={9},
  number={3},
  pages={155--164},
  year={2002},
  publisher={Springer}
}
@article{smailagic2002location,
  title={Location sensing and privacy in a context-aware computing environment},
  author={Smailagic, Asim and Kogan, David},
  journal={Wireless Communications, IEEE},
  volume={9},
  number={5},
  pages={10--17},
  year={2002},
  publisher={IEEE}
}
