@inproceedings{siddiqi2003experiments,
  title={Experiments in monte-carlo localization using wifi signal strength},
  author={Siddiqi, Sajid and Sukhatme, Gaurav S and Howard, Andrew},
  booktitle={Proceedings of the International Conference on Advanced Robotics},
  pages={210--223},
  year={2003}
}

@inproceedings{martin2010precise,
  title={Precise indoor localization using smart phones},
  author={Martin, Eladio and Vinyals, Oriol and Friedland, Gerald and Bajcsy, Ruzena},
  booktitle={Proceedings of the international conference on Multimedia},
  pages={787--790},
  year={2010},
  organization={ACM}
}

@article{garcia2013fuzzy,
  title={A fuzzy logic-based system for indoor localization using WiFi in ambient intelligent environments},
  author={Garcia-Valverde, Teresa and Garcia-Sola, Alberto and Hagras, Hani and Dooley, James A and Callaghan, Vic and Botia, Juan A},
  journal={Fuzzy Systems, IEEE Transactions on},
  volume={21},
  number={4},
  pages={702--718},
  year={2013},
  publisher={IEEE}
}

@inproceedings{ferris2007wifi,
  title={WiFi-SLAM Using Gaussian Process Latent Variable Models.},
  author={Ferris, Brian and Fox, Dieter and Lawrence, Neil D},
  booktitle={IJCAI},
  volume={7},
  number={1},
  pages={2480--2485},
  year={2007}
}

@article{serrano2012robot,
  title={Robot localization using WiFi signal without intensity map},
  author={Serrano, Oscar and Rodero Merino, Luis and Matell{\'a}n Olivera, Vicente and Ca{\~n}as, Jos{\'e} Mar{\'\i}a and others},
  year={2012}
}

@inproceedings{azizyan2009surroundsense,
  title={SurroundSense: mobile phone localization via ambience fingerprinting},
  author={Azizyan, Martin and Constandache, Ionut and Roy Choudhury, Romit},
  booktitle={Proceedings of the 15th annual international conference on Mobile computing and networking},
  pages={261--272},
  year={2009},
  organization={ACM}
}

@incollection{scellato2011nextplace,
  title={NextPlace: a spatio-temporal prediction framework for pervasive systems},
  author={Scellato, Salvatore and Musolesi, Mirco and Mascolo, Cecilia and Latora, Vito and Campbell, Andrew T},
  booktitle={Pervasive computing},
  pages={152--169},
  year={2011},
  publisher={Springer}
}

@inproceedings{constandache2010did,
  title={Did you see bob?: human localization using mobile phones},
  author={Constandache, Ionut and Bao, Xuan and Azizyan, Martin and Choudhury, Romit Roy},
  booktitle={Proceedings of the sixteenth annual international conference on Mobile computing and networking},
  pages={149--160},
  year={2010},
  organization={ACM}
}

