@inproceedings{seshadri2005bayesian,
  title={A bayesian sampling approach to in-door localization of wireless devices using received signal strength indication},
  author={Seshadri, Vinay and Zaruba, Gergely V and Huber, Manfred},
  booktitle={Pervasive Computing and Communications, 2005. PerCom 2005. Third IEEE International Conference on},
  pages={75--84},
  year={2005},
  organization={IEEE}
}
@inproceedings{letchner2005large,
  title={Large-scale localization from wireless signal strength},
  author={Letchner, Julie and Fox, Dieter and LaMarca, Anthony},
  booktitle={Proceedings of the national conference on artificial intelligence},
  volume={20},
  number={1},
  pages={15},
  year={2005},
  organization={Menlo Park, CA; Cambridge, MA; London; AAAI Press; MIT Press; 1999}
}
@inproceedings{priyantha2000cricket,
  title={The cricket location-support system},
  author={Priyantha, Nissanka B and Chakraborty, Anit and Balakrishnan, Hari},
  booktitle={Proceedings of the 6th annual international conference on Mobile computing and networking},
  pages={32--43},
  year={2000},
  organization={ACM}
}
@inproceedings{liu1997hierarchical,
  title={A hierarchical position-prediction algorithm for efficient management of resources in cellular networks},
  author={Liu, Tong and Bahl, Paramvir and Chlamtac, Imrich},
  booktitle={Global Telecommunications Conference, 1997. GLOBECOM'97., IEEE},
  volume={2},
  pages={982--986},
  year={1997},
  organization={IEEE}
}
@article{roos2002probabilistic,
  title={A probabilistic approach to WLAN user location estimation},
  author={Roos, Teemu and Myllym{\"a}ki, Petri and Tirri, Henry and Misikangas, Pauli and Siev{\"a}nen, Juha},
  journal={International Journal of Wireless Information Networks},
  volume={9},
  number={3},
  pages={155--164},
  year={2002},
  publisher={Springer}
}
@article{smailagic2002location,
  title={Location sensing and privacy in a context-aware computing environment},
  author={Smailagic, Asim and Kogan, David},
  journal={Wireless Communications, IEEE},
  volume={9},
  number={5},
  pages={10--17},
  year={2002},
  publisher={IEEE}
}